@article{bayuwindra2019look,
  title={Look-ahead tracking controllers for integrated longitudinal and lateral control of vehicle platoons},
  author={Bayuwindra, Anggera},
  year={2019}
}

@book{kochenderfer2019algorithms,
  title={Algorithms for optimization},
  author={Kochenderfer, Mykel J and Wheeler, Tim A},
  year={2019}
}

@book{rubinstein2004cross,
  title={The cross-entropy method: a unified approach to combinatorial optimization, Monte-Carlo simulation, and machine learning},
  author={Rubinstein, Reuven Y and Kroese, Dirk P},
  volume={133},
  year={2004},
  publisher={Springer}
}

@article{yu2011advantages,
  title={Advantages of radial basis function networks for dynamic system design},
  author={Yu, Hao and Xie, Tiantian and Paszczy{\~n}ski, Stanis{\l}aw and Wilamowski, Bogdan M},
  journal={IEEE Transactions on Industrial Electronics},
  volume={58},
  number={12},
  pages={5438--5450},
  year={2011},
  publisher={IEEE}
}

@misc{orr1996introduction,
  title={Introduction to radial basis function networks},
  author={Orr, Mark JL and others},
  year={1996},
  publisher={Technical Report, center for cognitive science, University of Edinburgh~â€¦}
}